% references.bib
% This file contains all the bibliographic entries in BibTeX format.

@book{Kaza2018,
  author    = {Kaza, Silpa and Yao, Lisa and Bhada-Tata, Perinaz and Van Woerden, Frank},
  title     = {What a Waste 2.0: A Global Snapshot of Solid Waste Management to 2050},
  publisher = {World Bank},
  year      = {2018},
  address   = {Washington, DC},
  doi       = {10.1596/978-1-4648-1329-0}
}

@article{Wilson2015,
  author  = {Wilson, David C. and Velis, Costas A. and Cheeseman, Chris},
  title   = {Role of informal sector recycling in waste management in developing countries},
  journal = {Habitat International},
  year    = {2015},
  volume  = {30},
  number  = {4},
  pages   = {797--808}
}

@article{Ferronato2019,
  author  = {Ferronato, Navarro and Torretta, Vincenzo},
  title   = {Waste Mismanagement in Developing Countries: A Review of Global Issues},
  journal = {International Journal of Environmental Research and Public Health},
  year    = {2019},
  volume  = {16},
  number  = {6},
  pages   = {1060},
  doi     = {10.3390/ijerph16061060}
}

@book{Hoornweg2012,
  author    = {Hoornweg, Daniel and Bhada-Tata, Perinaz},
  title     = {What a Waste: A Global Review of Solid Waste Management},
  publisher = {World Bank},
  year      = {2012},
  series    = {Urban Development Series Knowledge Papers},
  number    = {15},
  address   = {Washington, DC}
}

@article{Alemayehu2021,
  author  = {Alemayehu, M. and Yirsaw, B. D. and Mulugeta, K.},
  title   = {Solid Waste Management Practices and Challenges in Ethiopia: A Review},
  journal = {Journal of Environmental and Public Health},
  year    = {2021},
  volume  = {2021},
  pages   = {6692774},
  doi     = {10.1155/2021/6692774}
}

@book{MoUDC2017,
    author = {{Ministry of Urban Development and Construction (MoUDC)}},
    title = {National Urban Solid Waste Management Strategy},
    year = {2017},
    address = {Addis Ababa, Ethiopia}
}

@misc{WHO2018,
    author = {{World Health Organization (WHO)}},
    title = {Household Air Pollution and Health},
    year = {2018},
    howpublished = {\url{https://www.who.int/news-room/fact-sheets/detail/household-air-pollution-and-health}}
}

@article{Gebremedhin2018,
  author  = {Gebremedhin, S. and Van Langenhove, H.},
  title   = {Challenges and opportunities of municipal solid waste management in Ethiopia},
  journal = {Waste Management \& Research},
  year    = {2018},
  volume  = {36},
  number  = {7},
  pages   = {655--666}
}

@article{Bogale2019,
  author  = {Bogale, T. and Worku, A. and Berhanu, S.},
  title   = {Assessment of health impacts of municipal solid waste disposal practices in Addis Ababa and Hawassa cities, Ethiopia},
  journal = {Environmental Health Insights},
  year    = {2019},
  volume  = {13},
  pages   = {1178630219874044},
  doi     = {10.1177/1178630219874044}
}

@article{Abebe2018,
  author  = {Abebe Abera, S.},
  title   = {Health risks of residents and informal waste pickers in Ethiopia's urban areas: A review},
  journal = {Journal of Environmental Health Science \& Engineering},
  year    = {2018},
  volume  = {16},
  number  = {1},
  pages   = {1--12}
}

@article{Porta2009,
    author = {Porta, D. and Milani, S. and Lazzarino, A. I. and Perucci, C. A. and Forastiere, F.},
    title = {Waste management and health: A review},
    journal = {European Journal of Epidemiology},
    year = {2009},
    volume = {24},
    number = {12},
    pages = {693--701}
}

@book{Creswell2014,
    author = {Creswell, J. W.},
    title = {Research Design: Qualitative, Quantitative, and Mixed Methods Approaches},
    edition = {4th},
    publisher = {Sage},
    year = {2014}
}

@book{Creswell2017,
    author = {Creswell, J. W. and Plano Clark, V. L.},
    title = {Designing and Conducting Mixed Methods Research},
    edition = {3rd},
    publisher = {Sage},
    year = {2017}
}

@book{EPA2017,
    author = {{Environmental Protection Authority (EPA)}},
    title = {National Environmental Protection Policy},
    year = {2017},
    address = {Addis Ababa, Ethiopia}
}

@book{FMoH2016,
    author = {{Federal Ministry of Health (FMoH)}},
    title = {Urban Sanitation and Hygiene Strategy},
    year = {2016},
    address = {Addis Ababa, Ethiopia}
}

@book{Field2018,
    author = {Field, A.},
    title = {Discovering Statistics Using IBM SPSS Statistics},
    edition = {5th},
    publisher = {Sage},
    year = {2018}
}

@article{Kibreab2020,
    author = {Kibreab, M. and Gebreselassie, M. and Abebe, F.},
    title = {Community perception of solid waste management and associated health risks in urban Ethiopia: The case of Debre Markos town},
    journal = {Environmental Health and Preventive Medicine},
    year = {2020},
    volume = {25},
    number = {1},
    pages = {12}
}

@article{Ndejjo2016,
    author = {Ndejjo, R. and Musinguzi, G. and Yu, X. and Ye, L.},
    title = {Exposure to air pollution and respiratory health in low-income urban communities: A systematic review},
    journal = {Environmental Health},
    year = {2016},
    volume = {15},
    number = {1},
    pages = {39}
}

@book{UNEP2015,
    author = {{United Nations Environment Programme (UNEP)}},
    title = {Global Waste Management Outlook},
    year = {2015}
}

@book{UNEP2018,
    author = {{United Nations Environment Programme (UNEP)}},
    title = {Africa Waste Management Outlook},
    year = {2018}
}

@book{UNHabitat2015,
    author = {{UN-Habitat}},
    title = {Solid Waste Management in the World's Cities},
    publisher = {Earthscan/Routledge},
    year = {2015}
}

@book{WorldBank2018,
    author = {{World Bank}},
    title = {Managing Solid Waste in Africa: Strategies and Challenges},
    year = {2018}
}
